<record><leader>00000cas a22000007a 4500</leader><controlfield tag="001">20743347</controlfield><controlfield tag="008">891207d19241947mduwr ne      0    0eng d</controlfield><datafield ind1=" " ind2=" " tag="010"><subfield code="a">sn 89060386 </subfield></datafield><datafield ind1=" " ind2=" " tag="040"><subfield code="a">MFN</subfield><subfield code="b">eng</subfield><subfield code="c">MFN</subfield><subfield code="d">YOX</subfield><subfield code="d">OCL</subfield><subfield code="d">OCLCQ</subfield><subfield code="d">OCLCF</subfield><subfield code="d">OCLCO</subfield></datafield><datafield ind1=" " ind2=" " tag="042"><subfield code="a">msc</subfield></datafield><datafield ind1=" " ind2=" " tag="043"><subfield code="a">n-us-md</subfield></datafield><datafield ind1="0" ind2="4" tag="245"><subfield code="a">The Baltimore federationist.</subfield></datafield><datafield ind1=" " ind2=" " tag="260"><subfield code="a">Baltimore, Md. :</subfield><subfield code="b">Baltimore Federation of Labor</subfield></datafield><datafield ind1=" " ind2=" " tag="300"><subfield code="a">v.</subfield></datafield><datafield ind1=" " ind2=" " tag="310"><subfield code="a">Weekly</subfield></datafield><datafield ind1="1" ind2=" " tag="362"><subfield code="a">Began in 1924?</subfield></datafield><datafield ind1="0" ind2=" " tag="362"><subfield code="a">-v. 4, no. 52 (Feb. 28, 1947).</subfield></datafield><datafield ind1=" " ind2=" " tag="515"><subfield code="a">Began renumbering with vol. 1, no. 1 (Mar. 5, 1943).</subfield></datafield><datafield ind1=" " ind2=" " tag="515"><subfield code="a">Vol. 9, no 7-9, 27-29 omitted in numbering; v. 9, no. 47 repeated in numbering.</subfield></datafield><datafield ind1=" " ind2=" " tag="550"><subfield code="a">Official organ of the Baltimore Federation of Labor.</subfield></datafield><datafield ind1=" " ind2=" " tag="588"><subfield code="a">Description based on: Vol. 4, no. 42 (Feb. 10, 1928).</subfield></datafield><datafield ind1=" " ind2="0" tag="650"><subfield code="a">Labor unions</subfield><subfield code="z">Maryland</subfield><subfield code="z">Baltimore</subfield><subfield code="v">Newspapers.</subfield></datafield><datafield ind1=" " ind2="0" tag="650"><subfield code="a">Labor movement</subfield><subfield code="z">Maryland</subfield><subfield code="z">Baltimore</subfield><subfield code="v">Newspapers.</subfield></datafield><datafield ind1=" " ind2="7" tag="655"><subfield code="a">Newspapers.</subfield><subfield code="2">fast</subfield><subfield code="0">(OCoLC)fst01423814</subfield></datafield><datafield ind1=" " ind2="7" tag="650"><subfield code="a">Labor movement.</subfield><subfield code="2">fast</subfield><subfield code="0">(OCoLC)fst00990079</subfield></datafield><datafield ind1=" " ind2="7" tag="650"><subfield code="a">Labor unions.</subfield><subfield code="2">fast</subfield><subfield code="0">(OCoLC)fst00990260</subfield></datafield><datafield ind1=" " ind2="7" tag="651"><subfield code="a">Maryland</subfield><subfield code="z">Baltimore.</subfield><subfield code="2">fast</subfield><subfield code="0">(OCoLC)fst01204292</subfield></datafield><datafield ind1="2" ind2=" " tag="710"><subfield code="a">Baltimore Federation of Labor.</subfield></datafield><datafield ind1=" " ind2=" " tag="752"><subfield code="a">United States</subfield><subfield code="b">Maryland</subfield><subfield code="d">Baltimore.</subfield></datafield><datafield ind1="0" ind2="0" tag="785"><subfield code="t">Federationist (Baltimore, Md.)</subfield><subfield code="w">(DLC)sn 89060387</subfield></datafield></record>